2422 4942
174 317 233 387 126
392 308 685 379 TRIANDRIA
712 310 947 385 brorum

153 484 327 581 ,ligulam
354 482 498 571 versus,
522 484 608 582 pilis
631 486 774 596 longis,
810 485 944 559 albidis
969 484 1167 561 instructa.

170 583 284 681 Spica
315 582 534 668 terminalis,
571 584 753 675 solitaria,
788 582 1016 683 c)·lindrica‚
1045 584 1168 655 conti-

169 706 262 775 gua,
288 685 414 767 ‘1-224
436 679 566 751 uncias
587 682 721 775 longa,
761 692 906 767 erecta,
943 704 989 752 ex
1010 679 1167 753 rutilan-

170 792 210 849 te
230 778 345 849 lutea.
395 774 563 871 Flosculi
591 776 826 849 subrotundo
843 822 857 831 -
873 776 993 865 oveti,
1020 772 1165 867 ob'tusi¹

170 872 260 946 hinc
279 869 402 968 plani,
439 872 528 945 inde
550 872 733 963 convexi,
765 868 979 947 brevissime
994 872 1167 971 pedicel·

169 968 253 1056 lati,
288 966 361 1041 bali
389 966 472 1041 setis
499 968 707 1042 numerosis
733 970 834 1043 8-1a
855 969 1083 1059 lasciulatis‚·
1109 973 1185 1044 lu·¹

170 1065 279 1165 teis„
300 1066 409 1161 apice
440 1065 533 1161 saepe
567 1066 825 1152 rutilantibus,
865 1064 1095 1161 (prasertim
1123 1068 1165 1141 in

171 1160 468 1261 spica-matura)
496 1160 518 1235 li
544 1188 613 1258 per
631 1166 782 1237 lentem
812 1164 990 1237 observes
1019 1177 1165 1237 antror-

169 1248 249 1333 sum
270 1285 341 1359 per
354 1260 634 1353 longitudinem
657 1258 809 1357 spinulis
817 1313 828 1351 ‚
855 1258 1002 1332 muniti.
1028 1260 1163 1333 Semen

59 1408 64 1417 -
169 1380 332 1429 maxima
357 1380 403 1429 cx
426 1369 531 1451 parte
552 1360 683 1455 calyce
703 1354 864 1430 nervoso
890 1370 1053 1449 tectum,
1081 1357 1164 1431 sub·

167 1454 536 1541 rotundo—ovatum,
559 1452 750 1538 obtusum,
764 1454 860 1551 ,hinc
879 1456 1045 1548 planum,
1071 1452 1162 1528 inde

170 1573 405 1637 convexum,
427 1545 546 1647 majus
571 1576 683 1647 quam
708 1549 748 1621 in
774 1550 1015 1649 praecedente
1044 1564 1085 1625 et
1110 1550 1163 1625 se·

171 1660 313 1742 querite
337 1646 480 1741 specie,
514 1646 605 1719 ltriis
637 1645 848 1719 transversis
871 1646 1060 1721 undulatis
1086 1674 1162 1721 rna·

168 1741 306 1816 nisellis
341 1744 429 1837 (vel
463 1745 580 1820 oculo
614 1770 696 1821 non
729 1756 873 1817 armato
913 1742 1153 1843 conspicuis)

167 1838 357 1935 rugosum.
1046 1862 1049 1869 '

209 1978 328 2046 Nota.
372 1976 445 2043 Non
464 1982 742 2059 confundendum,
766 1986 871 2049 multo
894 1984 1000 2047 minus
1021 2003 1084 2067 pro
1107 2004 1161 2049 ea·

293 2066 365 2126 dem
386 2084 457 2126 cum
475 2064 625 2147 sequente
644 2068 746 2151 specie
760 2068 949 2131 habendum.

170 2192 258 2273 ΟΜ.
301 2192 403 2258 Color
424 2192 517 2275 spicae
536 2192 675 2275 junioris
699 2197 780 2282 saepe
803 2200 930 2271 viridis,
965 2198 1156 2283 quandoque

214 2350 217 2357 Ι
249 2298 289 2339 ex
302 2279 392 2339 viridi
411 2276 583 2351 violaceus,
606 2282 637 2342 in
653 2282 761 2343 adulta
775 2299 881 2345 autern
897 2282 964 2343 sere
978 2282 1099 2365 semper
1113 2300 1151 2343 ex

250 2363 350 2423 rutilo
367 2393 381 2403 ·
398 2360 568 2427 lutel'cens.
611 2360 769 2427 Semina
798 2364 959 2427 manifeste
983 2364 1153 2428 undulato-

251 2442 385 2523 rugosa.
410 2442 505 2525 triplo
523 2443 590 2505 sere
606 2447 746 2529 majora.
778 2448 956 2523 obtusiora,
979 2448 1077 2511 dorso
1093 2468 1156 2511 ma·

249 2527 299 2609 gis
317 2547 457 2588 convexa
472 2546 564 2607 quam
578 2529 611 2590 in
627 2528 776 2611 sequente
792 2530 905 2615 speeie.

313 2629 348 2693 In
367 2633 466 2695 barto
482 2634 567 2696 culta
588 2638 714 2779 (pridem
730 2639 834 2721 major
851 2634 955 2711 evasit,
981 2636 1035 2701 sed
1051 2636 1156 2721 quoad

248 2715 365 2783 semina
382 2717 502 2799 semper
523 2720 597 2779 conl
613 2719 762 2783 entissime
781 2720 957 2805 permansit.

312 2824 445 2886 blaxluta
466 2824 546 2905 saepe
562 2824 594 2885 in
611 2827 800 2891 abundantia
817 2830 848 2889 in
865 2828 1038 2892 hortorum
1055 2828 1155 2903 ereis,
1198 2810 1201 2819 ¹

248 2907 368 2979 vineis,
392 2918 424 2969 et
440 2909 508 2969 aliis
527 2907 608 2969 locis
630 2912 725 2973 cultis
742 2914 840 2975 venit.

245 3035 384 3101 Floscnli
400 3050 433 3101 et
451 3039 566 3100 semina
580 3041 660 3124 l'aepe
676 3040 840 3126 ustilrgine
857 3040 997 3104 obnoxia
1011 3041 1094 3105 sunt.

249 3145 371 3207 Ovibus
397 3147 429 3207 in
453 3148 538 3231 agris
560 3156 594 3209 et
615 3149 697 3211 arvis
715 3148 786 3235 post
804 3147 931 3213 melsem
947 3148 1085 3210 maxime
1106 3166 1156 3243 tte·¹
1186 3134 1192 3147 ¹

165 3238 303 3314 ceptum.

246 3334 372 3399 Semina
387 3336 532 3410 formosa,
557 3312 706 3413 aviculis:
721 3338 896 3421 prasertim
911 3332 1102 3422 passeribus,
1122 3340 1157 3395 et

164 3419 307 3484 muribus
324 3418 542 3505 acceptissima.

164 3647 247 3751 85.
262 3640 507 3751 PANICUM
528 3645 708 3749 viride
732 3662 832 3761 spica
851 3662 980 3754 tereti,
1005 3660 1158 3737 involu-

311 3786 416 3857 cellis
438 3786 601 3873 billoris,
629 3784 849 3863 sasciculato
865 3782 1023 3882 pilosis,
1050 3784 1158 3861 semi·

307 3881 418 3953 nibus
435 3882 704 3991 glabritil'culis.
882 3888 886 3897 ’

257 4025 442 4119 fenicum
470 4030 588 4139 viride
608 4027 711 4131 spica
742 4028 870 4119 tereti,
907 4022 1160 4103 involuccllia.
