2422 4576
191 311 536 383 rauranum
562 308 900 379 uonoovma
982 326 1047 397 427

110 485 301 581 frequens
328 502 417 559 oum
445 485 545 559 Iride
566 481 810 582 Pseudacoro
837 490 877 556 ct
896 477 1042 581 Lythro

110 580 324 657 Salicum.
964 588 968 597 '

82 704 128 777 Io
139 730 174 775 r.
210 696 338 803 Majn,
363 666 489 777 Junio.
536 702 690 776 Semina
716 698 839 787 Julio,
866 696 1039 796 Augusto

111 811 291 875 maturat
317 816 348 892 2
646 878 649 883 ,

109 908 245 1017 Radia
270 944 426 1017 magna,
459 918 627 1011 ramosa,
660 916 774 993 ramis
801 916 1037 1017 cylindricis‚

82 1032 150 1093 ‚tus
169 1016 290 1113 nigra,
315 1014 415 1089 intus
434 1016 536 1103 alba,
563 1013 1038 1110 'carnoso-mucilaginosa,

82 1128 178 1188 ntro
204 1112 412 1187 orbiculari
433 1117 563 1211 amplo
580 1112 731 1210 punctis
744 1109 929 1207 adsperso,
942 1136 1039 1209 prae·

82 1228 129 1285 ta.
183 1210 361 1283 cautae
383 1211 513 1284 radice
535 1215 682 1308 plures,
708 1208 905 1320 bipedales
931 1222 969 1282 et
988 1212 1041 1283 al·

82 1334 171 1398 nes,
199 1306 381 1403 angulati,
407 1306 538 1397 scabri,
563 1304 778 1381 fubramoir.
817 1302 935 1379 Idami
958 1331 1039 1380 ere·

82 1406 110 1495 i,
138 1404 287 1478 alterni.
318 1402 430 1475 Folia
451 1404 628 1477 radicalia
650 1403 1035 1496 ovato-lanceolata,

91 1500 286 1600 petiolum
300 1500 560 1589 decurrentia,
588 1499 736 1574 caulina
750 1501 903 1587 alterna,
914 1499 1038 1597 petio·

81 1614 132 1687 ta,
160 1598 209 1670 ad
229 1597 380 1671 caulem
401 1597 581 1693 utrinque
598 1595 869 1683 decurrentia,
895 1597 1037 1671 acumi-

81 1710 146 1782 ιω,
173 1696 339 1788 integra,
364 1693 522 1789 rugosa,
550 1693 709 1779 hirsuta,
736 1691 874 1764 scabra.
899 1691 1035 1765 flores

81 1786 499 1891 rrymboso·racem0fi.
540 1789 717 1869 Racemia
737 1783 1038 1888 conjugatismu·

81 1889 220 1975 artibus,
233 1886 531 1961 unilateralihua.
553 1888 717 1960 corolla
728 1910 939 1983 purpureae,
950 1912 1037 1983 pur·

81 1987 385 2072 rreo-caeruleae,
410 1978 543 2074 roseoe,
568 1984 789 2083 variegatae,
815 1981 957 2085 pallide
981 1985 1036 2054 lu-

81 2108 113 2154 ·ae
130 2077 329 2155 etalbidae.

85 2224 1033 2322 harmarnmrrrficonsounnnaso.

161 2351 184 2398 a
198 2348 244 2395 rs
271 2320 428 2403 Radira
451 2319 582 2393 Herba
594 2348 610 2407 ;
635 2323 781 2397 Floras.

121 2463 171 2527 Ex
186 2464 323 2537 floribus
345 2463 482 2526 multum
502 2464 606 2527 mellic
624 2484 700 2548 apes
715 2475 909 2548 congerunt.

103 2569 229 2634 Radix
253 2590 364 2632 recens
382 2571 517 2632 maxime
541 2572 786 2653 mucilaginosa,
814 2569 1032 2649 adstringens,

81 2652 252 2726 cnstanter,
271 2651 476 2715 emollientes
493 2663 525 2713 et
542 2653 839 2718 vulnerariashabet
851 2653 1031 2736 qualitates,

82 2737 119 2798 im
133 2735 308 2820 praesertim
318 2737 355 2798 ad
363 2734 471 2797 ulcera
486 2734 723 2803 consolidanda.
732 2737 806 2799 hinc
817 2754 935 2799 nomen
946 2732 1031 2796 Con·

81 2817 157 2883 iidae.
209 2816 316 2881 Hodie
342 2840 361 2880 a
384 2818 573 2901 quibusdam
595 2819 630 2881 in
654 2822 810 2885 medicina
831 2830 919 2883 certe
938 2817 1031 2881 nimia

80 2902 223 2984 gligitur.

117 3006 299 3071 Decoctum
312 3007 427 3070 radicis
452 3008 484 3070 in
504 3028 563 3071 ore
578 3011 744 3075 detentum
763 3011 795 3072 in
814 3006 945 3072 fistenda
961 3006 1032 3070 saii-

80 3091 164 3155 tione
181 3090 289 3163 nimia,
297 3110 416 3171 magno
436 3091 518 3174 saepe
533 3113 607 3155 cum
632 3091 750 3155 effectu
770 3092 955 3166 adhibetur,
978 3089 1031 3152 sed

80 3174 212 3236 rendum
234 3192 275 3234 ne
291 3175 385 3236 nimia
402 3174 557 3237 viscidum
577 3172 772 3271 crudumque
790 3175 911 3239 evadat.

113 3274 222 3342 'Radix
231 3274 405 3364 symphyti
420 3278 526 3344 mense
542 3278 679 3346 Octobri
692 3280 831 3345 collecta
845 3291 879 3344 et
894 3281 1030 3345 decocta

80 3382 105 3425 m
121 3362 236 3435 corio,
260 3361 338 3424 illud
357 3361 469 3428 flexile·
477 3363 591 3427 reddit.
634 3364 687 3428 Ad
699 3362 923 3427 conficiendos
931 3361 1029 3427 fuller

80 3445 139 3527 gni
154 3443 248 3507 usus·
273 3458 457 3526 coquuntur
477 3447 566 3509 librae
581 3448 693 3512 decem
714 3448 828 3510 radicis
839 3449 870 3509 in
884 3446 1029 3529 Ampho-

88 3485 258 3611 (Eymerd
276 3547 385 3607 aquae,
406 3532 445 3594 ad
460 3534 687 3593 remanentiam
706 3531 843 3593 dimidiae
859 3530 968 3612 partis,
996 3539 1031 3593 et

80 3630 140 3756 ugr
157 3611 252 3674 corio
270 3609 421 3752 dilinitur,
457 3633 523 3696 quo
535 3612 625 3678 facto
648 3631 715 3676 non
732 3612 865 3697 amplius
876 3613 1029 3679 durescit.

80 3717 87 3756 ι
122 3712 279 3755 ernaem.
312 3714 367 3757 .c.

112 3794 235 3860 Giuten
251 3818 290 3859 ex
305 3795 490 3885 Symphyto
507 3800 544 3865 fit
563 3803 601 3864 ad
615 3799 718 3864 ianam
736 3819 901 3887 caprarum
918 3798 1029 3885 Ancy-

80 3900 178 3945 nrum
192 3882 238 3943 ita
252 3878 476 3949 necess'arium.
498 3895 535 3946 ut
554 3885 673 3968 absque
693 3900 735 3946 eo
758 3884 790 3945 in
814 3880 867 3944 fita
887 3884 1029 3947 durinc·

80 3974 132 4026 rat.
192 3960 355 4025 Leisten
377 3966 505 4033 chem.
528 3966 803 4053 tillampning
830 3967 882 4031 til
902 3965 1029 4033 Uilen

80 4043 260 4112 ransart.
283 4065 313 4130 p.
335 4065 366 4130 9.
