2422 4576
104 292 166 377 131
302 282 643 351 rnurauorua
674 252 949 355 urorum.

177 484 262 531 rum
280 456 446 551 antiqua,
469 458 559 535 loca
578 454 741 551 pinguia
761 454 908 553 aprica
926 468 967 529 et
981 453 1095 531 umbra·

178 554 234 643 sa,
260 554 350 626 hinc
375 554 462 625 inde
481 550 520 629 in
544 550 776 646 regionibus
802 551 863 625 cis
885 566 926 625 et
951 552 1094 627 transila

178 650 284 725 nanis
305 647 431 725 ,nimis
460 646 621 721 abunde.
679 646 808 723 Circa
841 646 1094 723 Carlsrulreal

108 770 115 777 ·
182 749 288 845 sepes
311 772 436 843 prope
461 744 628 817 Gottsou
650 756 689 815 et
711 743 839 833 alibi;
876 770 1006 844 prope
1024 746 1094 819 Dur·

70 918 86 941 .
181 846 269 917 loch
291 846 331 917 in
357 857 490 915 monte
519 840 774 951 Tlturnberg,
814 844 871 916 ad
888 846 1025 917 rudera
1040 842 1094 915 lere

180 943 309 1015 omnia
341 939 486 1013 arcium
511 940 662 1034 antiqua
688 964 744 1011 crs
776 954 818 1011 et
847 942 1093 1015 transrhenana

110 1120 115 1129 ,
178 1038 353 1123 aburule3
380 1036 481 1113 eirca
499 1034 756 1133 'Argentinam
776 1060 861 1107 uor-
885 1036 973 1113 elem
985 1036 1093 1147 Spitel

179 1138 272 1209 llror
296 1136 344 1207 ad
361 1134 457 1222 vias,
483 1158 558 1205 nec
579 1158 658 1205 non
678 1134 727 1203 ad
748 1133 958 1229 margines
980 1154 1093 1208 vrarun

109 1244 116 1257 '
181 1230 416 1318 dumetosas,
444 1230 630 1303 ruderata.
679 1228 723 1300 ln
749 1228 987 1327 Principatu
1019 1230 1095 1327 lupe

177 1332 280 1406 riore
313 1328 353 1401 in
382 1356 427 1400 ru
459 1328 540 1400 ibus
576 1350 621 1399 ex
652 1324 787 1397 sabulo
825 1328 1041 1424 coagulatis
1064 1326 1094 1397 ad

110 1490 117 1501 .
177 1426 410 1525 Miirslrurg,
430 1354 681 1527 llrberlingen
705 1433 744 1495 et
767 1422 866 1495 alibi
928 1422 1028 1497 allim
1046 1422 1094 1495 lro

111 1576 115 1583 -
148 1548 311 1623 ·quens.
333 1518 381 1595 In
396 1520 631 1619 Spordrernia
654 1518 701 1589 ad
721 1544 864 1591 omnes
904 1546 973 1613 ere
988 1546 1092 1617 pagos,

177 1622 226 1695 ad
238 1644 379 1715 pagum
396 1630 435 1690 et
454 1640 583 1689 arcem
596 1614 879 1721 Winterburg,
891 1614 1092 1723 Burgspoa

177 1719 278 1793 beiru
298 1714 416 1787 nimia
431 1714 472 1787 in
491 1710 743 1801 abundantia,
764 1712 824 1785 od
846 1712 1092 1819 Nauemlnrg,

141 1858 147 1869 ·
177 1811 278 1902 Dill,
304 1806 528 1907 Birkeuseld
544 1808 736 1905 frequens.
781 1872 784 1877 .

104 1958 232 2041 flor.
254 1954 390 2044 lunio,
409 1956 514 2029 lulio
539 1966 577 2028 et
595 1953 778 2051 Augusto.
815 1954 981 2030 Semina
999 1969 1092 2033 rnatu

98 2073 101 2079 '
178 2064 236 2127 rat
254 2053 488 2151 Septembri,
521 2052 710 2141 Octobri,
731 2050 965 2129 Novembri.
990 2078 1029 2139 or

205 2196 334 2275 Radix
359 2193 581 2287 sufilormis,
613 2196 791 2311 limplex,
831 2214 903 2273 aut
936 2200 979 2273 in
1006 2220 1092 2275 cnut

108 2292 245 2383 divisa,
270 2295 380 2381 alba,
407 2294 499 2368 ss'riis
523 2292 784 2383 annularibus,
816 2298 1092 2394 approximatis,

106 2390 258 2482 rugosa,
287 2390 391 2467 fibris
412 2392 538 2486 sparsa.
587 2393 714 2466 Caulis
733 2396 869 2481 3-4-:3
902 2396 1046 2490 pedalis
1068 2412 1093 2465 rt

108 2492 243 2585 altior,
281 2502 452 2578 erectus,
492 2503 615 2569 teres,
658 2490 924 2584 geniculatus,
959 2494 1092 2587 glaber.

107 2580 313 2674 lillulol'us,
342 2584 533 2677 romolus,
561 2586 653 2683 sape
684 2588 917 2659 maculatus:
953 2588 1095 2659 runculis

105 2682 469 2782 purpurascentilurs
489 2685 552 2755 aut
573 2684 703 2771 luscis,
731 2682 878 2779 spuriis,
909 2686 1002 2758 lrinc
1026 2687 1095 2758 inde

109 2778 402 2855 confluentibus.
447 2778 562 2851 llnuri
580 2781 732 2867 alterni,
763 2781 960 2865 axillares,
996 2778 1097 2857 erecti

107 2878 148 2951 'm
162 2880 330 2949 ruruulos
353 2880 480 2973 plures
505 2874 618 2963 diviti,
634 2877 765 2964 foliati,
786 2892 945 2959 teretes,
969 2884 1099 2971 glaber·

106 2974 204 3048 rimi.
238 2973 347 3045 Folio
373 2974 562 3045 radicalia
586 2999 812 3070 praemagna,
841 2973 1099 3071 supr-adeeorn·

106 3068 250 3168 polita;
271 3071 423 3143 cardina
447 3072 645 3167 petiolata,
674 3074 837 3158 alterna,
865 3074 1033 3155 minora,
1054 3100 1101 3168 pa·

108 3168 247 3255 tentia,
274 3167 427 3262 glabra,
449 3166 587 3255 nilida,
610 3166 769 3241 saturato
782 3167 941 3255 viridia,
963 3172 1101 3243 lineata.

108 3264 236 3339 subtus
257 3264 477 3359 pallidiora,
504 3265 720 3359 tripinnata:
758 3262 895 3335 Pinnis
922 3266 1104 3363 oppaliris.

108 3360 622 3455 11111111111111111111111111111111,
651 3360 894 3433 inferioribus
922 3364 1103 3443 datiana,

108 3458 249 3531 incil'o-
261 3458 425 3537 serratim
449 3458 705 3553 l'uperioribus
721 3456 1021 3539 confluentibus,
1038 3460 1107 3531 11111-

109 3552 361 3651 simplicibus.
391 3554 507 3627 inciso
529 3600 541 3609 -
562 3554 727 3641 serratis,
765 3554 968 3648 oblongis,
1008 3558 1108 3630 obtu-

108 3650 289 3727 liusculis.
324 3652 437 3723 Folia
456 3678 583 3729 raruea
598 3649 815 3731 subsimilis,
846 3654 1013 3727 ruinora.
1055 3655 1109 3723 l‘r·

108 3750 196 3821 tioli
214 3748 444 3837 subteretes,
472 3744 640 3819 filluloli.
667 3747 811 3839 glalui,
844 3747 978 3827 llriati.
1008 3754 1107 3847 l'upra

110 3844 415 3940 deprelliuseuli,
443 3849 561 3916 latere
582 3845 786 3941 praeprimis
816 3844 1030 3937 lirperiori.
1059 3848 1108 3918 laL

107 3943 191 4039 pius
211 3942 404 4021 rnaculati,
432 3938 504 4016 buli
522 3941 698 4039 raginati.
758 3942 917 4013 l'arrina
954 3946 1105 4025 sulcam,

107 4037 278 4135 margine
299 4040 614 4129 membranacea,
641 4040 778 4113 albida.
818 4006 1006 4115 burdello
1031 4066 1106 4115 cau·
