<?xml version="1.0" encoding="UTF-8"?>
<!DOCTYPE html PUBLIC "-//W3C//DTD XHTML 1.0 Transitional//EN"
    "http://www.w3.org/TR/xhtml1/DTD/xhtml1-transitional.dtd">
<html xmlns="http://www.w3.org/1999/xhtml" xml:lang="en" lang="en">
 <head>
  <title>
</title>
<meta http-equiv="Content-Type" content="text/html;charset=utf-8" />
  <meta name='ocr-system' content='tesseract 3.04.00' />
  <meta name='ocr-capabilities' content='ocr_page ocr_carea ocr_par ocr_line ocrx_word'/>
</head>
<body>
  <div class='ocr_page' id='page_1' title='image "./florabadensisal01gmelgoog_0307.png"; bbox 0 0 2422 4576; ppageno 0'>
   <div class='ocr_carea' id='block_1_1' title="bbox 169 292 956 386">
    <p class='ocr_par' dir='ltr' id='par_1_1' title="bbox 169 292 956 386">
     <span class='ocr_line' id='line_1_1' title="bbox 169 292 956 386; baseline 0.005 -26"><span class='ocrx_word' id='word_1_1' title='bbox 169 315 256 386; x_wconf 54' lang='grc' dir='ltr'>ης,</span> <span class='ocrx_word' id='word_1_2' title='bbox 387 292 956 367; x_wconf 67' lang='lat' dir='ltr'>emnnoeraorormaa</span> 
     </span>
    </p>
   </div>
   <div class='ocr_carea' id='block_1_2' title="bbox 144 462 1174 1051">
    <p class='ocr_par' dir='ltr' id='par_1_2' title="bbox 166 462 1174 965">
     <span class='ocr_line' id='line_1_2' title="bbox 252 462 1172 537; baseline 0.001 -8"><span class='ocrx_word' id='word_1_3' title='bbox 252 463 369 537; x_wconf 85' lang='lat' dir='ltr'>Semen</span> <span class='ocrx_word' id='word_1_4' title='bbox 385 466 469 529; x_wconf 86' lang='lat' dir='ltr'>inter</span> <span class='ocrx_word' id='word_1_5' title='bbox 484 465 592 527; x_wconf 88' lang='lat' dir='ltr'>omnia</span> <span class='ocrx_word' id='word_1_6' title='bbox 609 462 743 526; x_wconf 73' lang='lat' dir='ltr'>cerealia</span> <span class='ocrx_word' id='word_1_7' title='bbox 758 466 888 531; x_wconf 88' lang='lat' dir='ltr'>unicum</span> <span class='ocrx_word' id='word_1_8' title='bbox 911 465 1055 533; x_wconf 80' lang='lat' dir='ltr'>nonium.</span> <span class='ocrx_word' id='word_1_9' title='bbox 1097 463 1172 530; x_wconf 85' lang='lat' dir='ltr'>Ho-</span> 
     </span>
     <span class='ocr_line' id='line_1_3' title="bbox 168 545 1173 633; baseline -0.003 -18"><span class='ocrx_word' id='word_1_10' title='bbox 168 549 307 615; x_wconf 79' lang='lat' dir='ltr'>minibus</span> <span class='ocrx_word' id='word_1_11' title='bbox 324 548 526 632; x_wconf 81' lang='lat' dir='ltr'><strong>vertiginem,</strong></span> <span class='ocrx_word' id='word_1_12' title='bbox 544 545 775 618; x_wconf 82' lang='lat' dir='ltr'><strong>temulentiam,</strong></span> <span class='ocrx_word' id='word_1_13' title='bbox 791 550 993 633; x_wconf 74' lang='lat' dir='ltr'>anxietatem,</span> <span class='ocrx_word' id='word_1_14' title='bbox 1011 550 1173 623; x_wconf 88' lang='lat' dir='ltr'>somnum,</span> 
     </span>
     <span class='ocr_line' id='line_1_4' title="bbox 168 629 1174 705; baseline -0.003 -6"><span class='ocrx_word' id='word_1_15' title='bbox 168 630 335 704; x_wconf 81' lang='lat' dir='ltr'>delirium.</span> <span class='ocrx_word' id='word_1_16' title='bbox 355 629 597 705; x_wconf 57' lang='lat' dir='ltr'>&#39;convulsionem</span> <span class='ocrx_word' id='word_1_17' title='bbox 619 640 785 705; x_wconf 85' lang='lat' dir='ltr'>tumores,</span> <span class='ocrx_word' id='word_1_18' title='bbox 807 649 881 695; x_wconf 90' lang='lat' dir='ltr'>raro</span> <span class='ocrx_word' id='word_1_19' title='bbox 904 644 1010 695; x_wconf 88' lang='lat' dir='ltr'>tamen</span> <span class='ocrx_word' id='word_1_20' title='bbox 1028 647 1174 697; x_wconf 87' lang='lat' dir='ltr'>mortem</span> 
     </span>
     <span class='ocr_line' id='line_1_5' title="bbox 168 712 1171 797; baseline -0.002 -16"><span class='ocrx_word' id='word_1_21' title='bbox 168 713 526 797; x_wconf 60' lang='lat' dir='ltr'>contrahittimprimia</span> <span class='ocrx_word' id='word_1_22' title='bbox 549 714 580 775; x_wconf 86' lang='lat' dir='ltr'>in</span> <span class='ocrx_word' id='word_1_23' title='bbox 600 731 681 794; x_wconf 87' lang='lat' dir='ltr'>pane</span> <span class='ocrx_word' id='word_1_24' title='bbox 698 712 821 789; x_wconf 88' lang='lat' dir='ltr'>calido,</span> <span class='ocrx_word' id='word_1_25' title='bbox 844 716 979 779; x_wconf 89' lang='lat' dir='ltr'>maxime</span> <span class='ocrx_word' id='word_1_26' title='bbox 995 717 1027 781; x_wconf 86' lang='lat' dir='ltr'>in</span> <span class='ocrx_word' id='word_1_27' title='bbox 1047 719 1171 781; x_wconf 85' lang='lat' dir='ltr'>cerevi-</span> 
     </span>
     <span class='ocr_line' id='line_1_6' title="bbox 166 795 1172 883; baseline -0.002 -20"><span class='ocrx_word' id='word_1_28' title='bbox 166 798 220 864; x_wconf 75' lang='lat' dir='ltr'>sla.</span> <span class='ocrx_word' id='word_1_29' title='bbox 263 796 463 861; x_wconf 83' lang='lat' dir='ltr'>Carbonibus</span> <span class='ocrx_word' id='word_1_30' title='bbox 479 795 636 881; x_wconf 88' lang='lat' dir='ltr'>injectum</span> <span class='ocrx_word' id='word_1_31' title='bbox 652 795 684 857; x_wconf 90' lang='lat' dir='ltr'>in</span> <span class='ocrx_word' id='word_1_32' title='bbox 701 799 846 879; x_wconf 87' lang='lat' dir='ltr'>conclavi</span> <span class='ocrx_word' id='word_1_33' title='bbox 858 797 978 873; x_wconf 87' lang='lat' dir='ltr'>clauso,</span> <span class='ocrx_word' id='word_1_34' title='bbox 995 800 1172 883; x_wconf 79' lang='lat' dir='ltr'>praesentes</span> 
     </span>
     <span class='ocr_line' id='line_1_7' title="bbox 167 871 1169 965; baseline 0.002 -19"><span class='ocrx_word' id='word_1_35' title='bbox 167 880 275 947; x_wconf 77' lang='lat' dir='ltr'>reddit</span> <span class='ocrx_word' id='word_1_36' title='bbox 287 876 431 965; x_wconf 82' lang='lat' dir='ltr'>stupidos</span> <span class='ocrx_word' id='word_1_37' title='bbox 443 890 477 943; x_wconf 89' lang='lat' dir='ltr'>et</span> <span class='ocrx_word' id='word_1_38' title='bbox 492 877 738 961; x_wconf 58' lang='lat' dir='ltr'>somnolentum</span> <span class='ocrx_word' id='word_1_39' title='bbox 759 878 842 947; x_wconf 85' lang='lat' dir='ltr'>salus</span> <span class='ocrx_word' id='word_1_40' title='bbox 857 883 919 945; x_wconf 90' lang='lat' dir='ltr'>erit</span> <span class='ocrx_word' id='word_1_41' title='bbox 927 882 961 946; x_wconf 87' lang='lat' dir='ltr'>in</span> <span class='ocrx_word' id='word_1_42' title='bbox 970 891 1043 945; x_wconf 81' lang='lat' dir='ltr'>aere</span> <span class='ocrx_word' id='word_1_43' title='bbox 1051 871 1169 958; x_wconf 84' lang='lat' dir='ltr'>libero,</span> 
     </span>
    </p>

    <p class='ocr_par' dir='ltr' id='par_1_3' title="bbox 144 960 951 1051">
     <span class='ocr_line' id='line_1_8' title="bbox 144 960 951 1051; baseline -0.009 -22"><span class='ocrx_word' id='word_1_44' title='bbox 144 1045 147 1051; x_wconf 65' lang='lat'><em>,</em></span> <span class='ocrx_word' id='word_1_45' title='bbox 168 965 202 1029; x_wconf 89' lang='lat' dir='ltr'>iu</span> <span class='ocrx_word' id='word_1_46' title='bbox 216 974 297 1050; x_wconf 83' lang='lat' dir='ltr'>potu</span> <span class='ocrx_word' id='word_1_47' title='bbox 311 960 484 1048; x_wconf 80' lang='lat' dir='ltr'>copiofiori</span> <span class='ocrx_word' id='word_1_48' title='bbox 500 972 638 1025; x_wconf 87' lang='lat' dir='ltr'>acetato.</span> <span class='ocrx_word' id='word_1_49' title='bbox 948 980 951 984; x_wconf 91' lang='lat'>·</span> 
     </span>
    </p>
   </div>
   <div class='ocr_carea' id='block_1_3' title="bbox 162 1038 1172 1229">
    <p class='ocr_par' dir='ltr' id='par_1_4' title="bbox 162 1038 1172 1229">
     <span class='ocr_line' id='line_1_9' title="bbox 249 1038 1172 1154; baseline 0.002 -19"><span class='ocrx_word' id='word_1_50' title='bbox 249 1068 371 1154; x_wconf 80' lang='lat' dir='ltr'>Equis&#39;,</span> <span class='ocrx_word' id='word_1_51' title='bbox 394 1068 543 1143; x_wconf 84' lang='lat' dir='ltr'>canibus,</span> <span class='ocrx_word' id='word_1_52' title='bbox 577 1068 703 1145; x_wconf 77' lang='lat' dir='ltr'>suibus,</span> <span class='ocrx_word' id='word_1_53' title='bbox 731 1068 913 1146; x_wconf 70' lang='lat' dir='ltr'>anseribus,</span> <span class='ocrx_word' id='word_1_54' title='bbox 929 1038 1122 1135; x_wconf 82' lang='lat' dir='ltr'>detestatum</span> <span class='ocrx_word' id='word_1_55' title='bbox 1138 1083 1172 1138; x_wconf 90' lang='lat' dir='ltr'>et</span> 
     </span>
     <span class='ocr_line' id='line_1_10' title="bbox 162 1152 1164 1229; baseline -0.003 -9"><span class='ocrx_word' id='word_1_56' title='bbox 162 1152 333 1229; x_wconf 74' lang='lat' dir='ltr'>funestum</span> <span class='ocrx_word' id='word_1_57' title='bbox 780 1158 784 1165; x_wconf 87' lang='lat'>&#39;</span> <span class='ocrx_word' id='word_1_58' title='bbox 930 1162 932 1167; x_wconf 84' lang='lat'>&#39;</span> <span class='ocrx_word' id='word_1_59' title='bbox 1133 1152 1164 1173; x_wconf 80' lang='grc'>”’</span> 
     </span>
    </p>
   </div>
   <div class='ocr_carea' id='block_1_4' title="bbox 164 1256 1170 1595">
    <p class='ocr_par' dir='ltr' id='par_1_5' title="bbox 164 1256 1170 1595">
     <span class='ocr_line' id='line_1_11' title="bbox 250 1256 1166 1355; baseline -0.002 -28"><span class='ocrx_word' id='word_1_60' title='bbox 250 1262 349 1345; x_wconf 81' lang='lat' dir='ltr'>Agris</span> <span class='ocrx_word' id='word_1_61' title='bbox 363 1259 571 1341; x_wconf 70' lang='lat' dir='ltr'>hordeaceis,</span> <span class='ocrx_word' id='word_1_62' title='bbox 593 1261 823 1355; x_wconf 80' lang='lat' dir='ltr'>avenaceiaque</span> <span class='ocrx_word' id='word_1_63' title='bbox 839 1256 1090 1337; x_wconf 82' lang='lat' dir='ltr'>demiffioribus,</span> <span class='ocrx_word' id='word_1_64' title='bbox 1107 1262 1166 1326; x_wconf 90' lang='lat' dir='ltr'>hu·</span> 
     </span>
     <span class='ocr_line' id='line_1_12' title="bbox 164 1340 1170 1424; baseline -0.011 -15"><span class='ocrx_word' id='word_1_65' title='bbox 164 1346 280 1421; x_wconf 82' lang='lat' dir='ltr'>midis,</span> <span class='ocrx_word' id='word_1_66' title='bbox 299 1345 470 1417; x_wconf 73' lang='lat' dir='ltr'>inundatis,</span> <span class='ocrx_word' id='word_1_67' title='bbox 494 1340 1061 1424; x_wconf 78' lang='lat' dir='ltr'>argillaceislimolrs,infestililmum.</span> <span class='ocrx_word' id='word_1_68' title='bbox 1106 1350 1170 1409; x_wconf 81' lang='lat' dir='ltr'>Ar.</span> 
     </span>
     <span class='ocr_line' id='line_1_13' title="bbox 167 1422 1169 1508; baseline 0.003 -17"><span class='ocrx_word' id='word_1_69' title='bbox 167 1438 260 1507; x_wconf 76' lang='lat' dir='ltr'>cetur</span> <span class='ocrx_word' id='word_1_70' title='bbox 275 1428 422 1508; x_wconf 82' lang='lat' dir='ltr'>diligenti</span> <span class='ocrx_word' id='word_1_71' title='bbox 443 1426 604 1501; x_wconf 81' lang='lat' dir='ltr'>aratione,</span> <span class='ocrx_word' id='word_1_72' title='bbox 633 1428 719 1492; x_wconf 89' lang='lat' dir='ltr'>bona</span> <span class='ocrx_word' id='word_1_73' title='bbox 740 1423 988 1502; x_wconf 78' lang='lat' dir='ltr'>stercoratione;</span> <span class='ocrx_word' id='word_1_74' title='bbox 1015 1422 1169 1494; x_wconf 82' lang='lat' dir='ltr'>foliarum</span> 
     </span>
     <span class='ocr_line' id='line_1_14' title="bbox 164 1506 1170 1595; baseline -0.01 -18"><span class='ocrx_word' id='word_1_75' title='bbox 164 1512 199 1577; x_wconf 81' lang='lat' dir='ltr'>ln</span> <span class='ocrx_word' id='word_1_76' title='bbox 217 1506 305 1595; x_wconf 80' lang='lat' dir='ltr'>agria</span> <span class='ocrx_word' id='word_1_77' title='bbox 319 1509 524 1574; x_wconf 77' lang='lat' dir='ltr'>exaltatione.</span> <span class='ocrx_word' id='word_1_78' title='bbox 654 1556 657 1561; x_wconf 86' lang='lat'>.</span> <span class='ocrx_word' id='word_1_79' title='bbox 1144 1506 1170 1540; x_wconf 57' lang='lat'>&#39;⁸</span> 
     </span>
    </p>
   </div>
   <div class='ocr_carea' id='block_1_5' title="bbox 119 1607 1170 2301">
    <p class='ocr_par' dir='ltr' id='par_1_6' title="bbox 119 1607 1170 2301">
     <span class='ocr_line' id='line_1_15' title="bbox 249 1607 1167 1699; baseline 0.003 -18"><span class='ocrx_word' id='word_1_80' title='bbox 249 1614 379 1699; x_wconf 72' lang='lat' dir='ltr'>vulgae</span> <span class='ocrx_word' id='word_1_81' title='bbox 396 1611 502 1698; x_wconf 82' lang='lat' dir='ltr'>pallim</span> <span class='ocrx_word' id='word_1_82' title='bbox 517 1607 620 1677; x_wconf 80' lang='lat' dir='ltr'>adhuc</span> <span class='ocrx_word' id='word_1_83' title='bbox 631 1614 750 1689; x_wconf 87' lang='lat' dir='ltr'>credit,</span> <span class='ocrx_word' id='word_1_84' title='bbox 773 1632 890 1680; x_wconf 89' lang='lat' dir='ltr'>meram</span> <span class='ocrx_word' id='word_1_85' title='bbox 899 1614 961 1680; x_wconf 84' lang='lat' dir='ltr'>effe</span> <span class='ocrx_word' id='word_1_86' title='bbox 970 1615 1095 1683; x_wconf 86' lang='lat' dir='ltr'>Hordei</span> <span class='ocrx_word' id='word_1_87' title='bbox 1111 1621 1167 1684; x_wconf 91' lang='lat' dir='ltr'>de·</span> 
     </span>
     <span class='ocr_line' id='line_1_16' title="bbox 165 1696 980 1791; baseline -0.012 -24"><span class='ocrx_word' id='word_1_88' title='bbox 165 1696 430 1791; x_wconf 72' lang='lat' dir='ltr'>generationem!</span> <span class='ocrx_word' id='word_1_89' title='bbox 975 1748 980 1757; x_wconf 94' lang='lat'><em>.</em></span> 
     </span>
     <span class='ocr_line' id='line_1_17' title="bbox 119 1800 1170 1892; baseline 0.003 -22"><span class='ocrx_word' id='word_1_90' title='bbox 119 1861 127 1875; x_wconf 91' lang='lat'><strong>.</strong></span> <span class='ocrx_word' id='word_1_91' title='bbox 250 1804 363 1871; x_wconf 85' lang='lat' dir='ltr'>Lolli</span> <span class='ocrx_word' id='word_1_92' title='bbox 387 1804 527 1867; x_wconf 86' lang='lat' dir='ltr'>farina</span> <span class='ocrx_word' id='word_1_93' title='bbox 550 1800 630 1865; x_wconf 89' lang='lat' dir='ltr'>olim</span> <span class='ocrx_word' id='word_1_94' title='bbox 653 1813 785 1868; x_wconf 78' lang='lat' dir='ltr'>caterae</span> <span class='ocrx_word' id='word_1_95' title='bbox 807 1814 955 1891; x_wconf 78' lang='lat' dir='ltr'>tanquam</span> <span class='ocrx_word' id='word_1_96' title='bbox 979 1809 1170 1892; x_wconf 89' lang='lat' dir='ltr'>anodynum</span> 
     </span>
     <span class='ocr_line' id='line_1_18' title="bbox 166 1888 1169 1974; baseline -0.002 -16"><span class='ocrx_word' id='word_1_97' title='bbox 166 1895 256 1957; x_wconf 67' lang='lat' dir='ltr'>certe</span> <span class='ocrx_word' id='word_1_98' title='bbox 277 1908 345 1953; x_wconf 90' lang='lat' dir='ltr'>non</span> <span class='ocrx_word' id='word_1_99' title='bbox 370 1888 660 1959; x_wconf 81' lang='lat' dir='ltr'>contemnendum,</span> <span class='ocrx_word' id='word_1_100' title='bbox 690 1888 789 1953; x_wconf 88' lang='lat' dir='ltr'>hodie</span> <span class='ocrx_word' id='word_1_101' title='bbox 815 1889 884 1953; x_wconf 81' lang='lat' dir='ltr'>sere</span> <span class='ocrx_word' id='word_1_102' title='bbox 905 1894 1109 1974; x_wconf 69' lang='lat' dir='ltr'>incognitum</span> <span class='ocrx_word' id='word_1_103' title='bbox 1135 1896 1169 1956; x_wconf 90' lang='lat' dir='ltr'>in</span> 
     </span>
     <span class='ocr_line' id='line_1_19' title="bbox 165 1966 1170 2056; baseline 0.002 -19"><span class='ocrx_word' id='word_1_104' title='bbox 165 1972 225 2038; x_wconf 85' lang='lat' dir='ltr'>usu</span> <span class='ocrx_word' id='word_1_105' title='bbox 240 1970 312 2039; x_wconf 83' lang='lat' dir='ltr'>luit.</span> <span class='ocrx_word' id='word_1_106' title='bbox 354 1970 434 2036; x_wconf 88' lang='lat' dir='ltr'>Cum</span> <span class='ocrx_word' id='word_1_107' title='bbox 450 1980 543 2035; x_wconf 91' lang='lat' dir='ltr'>aceto</span> <span class='ocrx_word' id='word_1_108' title='bbox 555 1966 615 2031; x_wconf 87' lang='lat' dir='ltr'>sale</span> <span class='ocrx_word' id='word_1_109' title='bbox 625 1969 815 2056; x_wconf 82' lang='lat' dir='ltr'>etsulphure</span> <span class='ocrx_word' id='word_1_110' title='bbox 830 1974 1021 2054; x_wconf 80' lang='lat' dir='ltr'>pulverilato</span> <span class='ocrx_word' id='word_1_111' title='bbox 1031 1976 1170 2039; x_wconf 74' lang='lat' dir='ltr'>mixtum</span> 
     </span>
     <span class='ocr_line' id='line_1_20' title="bbox 165 2050 1169 2139; baseline 0.003 -21"><span class='ocrx_word' id='word_1_112' title='bbox 165 2067 201 2121; x_wconf 84' lang='lat' dir='ltr'>et</span> <span class='ocrx_word' id='word_1_113' title='bbox 215 2054 315 2120; x_wconf 82' lang='lat' dir='ltr'>calide</span> <span class='ocrx_word' id='word_1_114' title='bbox 331 2054 511 2139; x_wconf 77' lang='lat' dir='ltr'>impetigini</span> <span class='ocrx_word' id='word_1_115' title='bbox 527 2064 582 2115; x_wconf 92' lang='lat' dir='ltr'>aut</span> <span class='ocrx_word' id='word_1_116' title='bbox 593 2050 712 2118; x_wconf 82' lang='lat' dir='ltr'>l&#39;cabiei</span> <span class='ocrx_word' id='word_1_117' title='bbox 723 2055 922 2138; x_wconf 87' lang='lat' dir='ltr'>impolitum,</span> <span class='ocrx_word' id='word_1_118' title='bbox 946 2058 1049 2120; x_wconf 83' lang='lat' dir='ltr'>calide</span> <span class='ocrx_word' id='word_1_119' title='bbox 1064 2057 1169 2121; x_wconf 85' lang='lat' dir='ltr'>serva·</span> 
     </span>
     <span class='ocr_line' id='line_1_21' title="bbox 166 2137 1167 2223; baseline 0.006 -24"><span class='ocrx_word' id='word_1_120' title='bbox 166 2144 257 2215; x_wconf 82' lang='lat' dir='ltr'>tum,</span> <span class='ocrx_word' id='word_1_121' title='bbox 276 2150 312 2203; x_wconf 85' lang='lat' dir='ltr'>et</span> <span class='ocrx_word' id='word_1_122' title='bbox 322 2138 434 2221; x_wconf 72' lang='lat' dir='ltr'>saepius</span> <span class='ocrx_word' id='word_1_123' title='bbox 449 2137 637 2219; x_wconf 81' lang='lat' dir='ltr'>repetitum,</span> <span class='ocrx_word' id='word_1_124' title='bbox 660 2137 831 2223; x_wconf 73' lang='lat' dir='ltr'>illaaiugat</span> <span class='ocrx_word' id='word_1_125' title='bbox 845 2151 976 2207; x_wconf 88' lang='lat' dir='ltr'>etcurat</span> <span class='ocrx_word' id='word_1_126' title='bbox 987 2154 1167 2206; x_wconf 84' lang='lat' dir='ltr'>annotante</span> 
     </span>
     <span class='ocr_line' id='line_1_22' title="bbox 167 2216 785 2301; baseline -0.003 -15"><span class='ocrx_word' id='word_1_127' title='bbox 167 2218 584 2301; x_wconf 78' lang='lat' dir='ltr'>Tabe&#39;rnaemontano</span> <span class='ocrx_word' id='word_1_128' title='bbox 607 2216 693 2286; x_wconf 91' lang='lat' dir='ltr'>hist.</span> <span class='ocrx_word' id='word_1_129' title='bbox 714 2219 737 2286; x_wconf 90' lang='lat' dir='ltr'>l.</span> <span class='ocrx_word' id='word_1_130' title='bbox 756 2240 785 2284; x_wconf 89' lang='lat' dir='ltr'>c.</span> 
     </span>
    </p>
   </div>
   <div class='ocr_carea' id='block_1_6' title="bbox 167 2310 1165 2507">
    <p class='ocr_par' dir='ltr' id='par_1_7' title="bbox 167 2310 1165 2507">
     <span class='ocr_line' id='line_1_23' title="bbox 188 2310 1165 2411; baseline 0.002 -19"><span class='ocrx_word' id='word_1_131' title='bbox 188 2314 192 2321; x_wconf 56' lang='grc'><strong>’</strong></span> <span class='ocrx_word' id='word_1_132' title='bbox 216 2361 219 2365; x_wconf 49' lang='grc'><em>’</em></span> <span class='ocrx_word' id='word_1_133' title='bbox 250 2310 330 2392; x_wconf 77' lang='lat' dir='ltr'>Ctim</span> <span class='ocrx_word' id='word_1_134' title='bbox 346 2324 441 2390; x_wconf 88' lang='lat' dir='ltr'>melle</span> <span class='ocrx_word' id='word_1_135' title='bbox 457 2332 502 2389; x_wconf 67' lang='lat' dir='ltr'>et</span> <span class='ocrx_word' id='word_1_136' title='bbox 510 2336 603 2386; x_wconf 89' lang='lat' dir='ltr'>aceto</span> <span class='ocrx_word' id='word_1_137' title='bbox 622 2325 654 2388; x_wconf 92' lang='lat' dir='ltr'>in</span> <span class='ocrx_word' id='word_1_138' title='bbox 675 2337 876 2411; x_wconf 82' lang='lat' dir='ltr'>unguentum</span> <span class='ocrx_word' id='word_1_139' title='bbox 901 2318 1046 2401; x_wconf 84' lang='lat' dir='ltr'>redacta,</span> <span class='ocrx_word' id='word_1_140' title='bbox 1068 2334 1165 2396; x_wconf 83' lang='lat' dir='ltr'>nodis</span> 
     </span>
     <span class='ocr_line' id='line_1_24' title="bbox 167 2407 1165 2507; baseline 0.005 -30"><span class='ocrx_word' id='word_1_141' title='bbox 167 2413 352 2507; x_wconf 79' lang='lat' dir='ltr'>podagricis</span> <span class='ocrx_word' id='word_1_142' title='bbox 368 2410 470 2475; x_wconf 87' lang='lat' dir='ltr'>calide</span> <span class='ocrx_word' id='word_1_143' title='bbox 479 2407 678 2501; x_wconf 81' lang='lat' dir='ltr'>impolitum,</span> <span class='ocrx_word' id='word_1_144' title='bbox 701 2412 834 2477; x_wconf 85' lang='lat' dir='ltr'>dolores</span> <span class='ocrx_word' id='word_1_145' title='bbox 850 2414 971 2496; x_wconf 89' lang='lat' dir='ltr'>optime</span> <span class='ocrx_word' id='word_1_146' title='bbox 985 2414 1084 2481; x_wconf 85' lang='lat' dir='ltr'>tollit.</span> <span class='ocrx_word' id='word_1_147' title='bbox 1112 2415 1165 2483; x_wconf 86' lang='lat' dir='ltr'>ld.</span> 
     </span>
    </p>
   </div>
   <div class='ocr_carea' id='block_1_7' title="bbox 287 2665 1043 2907">
    <p class='ocr_par' dir='ltr' id='par_1_8' title="bbox 287 2665 1043 2907">
     <span class='ocr_line' id='line_1_25' title="bbox 398 2665 933 2743; baseline 0.006 -3"><span class='ocrx_word' id='word_1_148' title='bbox 398 2665 550 2743; x_wconf 82' lang='lat' dir='ltr'><strong>XLVII.</strong></span> <span class='ocrx_word' id='word_1_149' title='bbox 597 2665 630 2739; x_wconf 92' lang='lat' dir='ltr'><strong>E</strong></span> <span class='ocrx_word' id='word_1_150' title='bbox 654 2667 686 2742; x_wconf 95' lang='lat' dir='ltr'>L</span> <span class='ocrx_word' id='word_1_151' title='bbox 709 2666 746 2740; x_wconf 92' lang='lat' dir='ltr'>Y</span> <span class='ocrx_word' id='word_1_152' title='bbox 768 2668 812 2739; x_wconf 88' lang='grc' dir='ltr'><strong>Μ</strong></span> <span class='ocrx_word' id='word_1_153' title='bbox 836 2669 874 2743; x_wconf 96' lang='lat' dir='ltr'>U</span> <span class='ocrx_word' id='word_1_154' title='bbox 896 2669 933 2742; x_wconf 92' lang='lat' dir='ltr'>S.</span> 
     </span>
     <span class='ocr_line' id='line_1_26' title="bbox 287 2806 1043 2907; baseline 0.005 -18"><span class='ocrx_word' id='word_1_155' title='bbox 287 2814 401 2889; x_wconf 84' lang='lat' dir='ltr'>Linn.</span> <span class='ocrx_word' id='word_1_156' title='bbox 434 2810 526 2885; x_wconf 82' lang='lat' dir='ltr'>Gen.</span> <span class='ocrx_word' id='word_1_157' title='bbox 548 2806 606 2907; x_wconf 83' lang='lat' dir='ltr'>pl.</span> <span class='ocrx_word' id='word_1_158' title='bbox 638 2810 692 2882; x_wconf 83' lang='lat' dir='ltr'>ed.</span> <span class='ocrx_word' id='word_1_159' title='bbox 717 2810 870 2888; x_wconf 74' lang='lat' dir='ltr'>Schreb.</span> <span class='ocrx_word' id='word_1_160' title='bbox 896 2844 934 2890; x_wconf 83' lang='lat' dir='ltr'>n.</span> <span class='ocrx_word' id='word_1_161' title='bbox 964 2819 1043 2895; x_wconf 81' lang='lat'><strong>128.</strong></span> 
     </span>
    </p>
   </div>
   <div class='ocr_carea' id='block_1_8' title="bbox 166 2954 1167 3779">
    <p class='ocr_par' dir='ltr' id='par_1_9' title="bbox 166 2954 1167 3779">
     <span class='ocr_line' id='line_1_27' title="bbox 221 2954 1163 3062; baseline 0.007 -29"><span class='ocrx_word' id='word_1_162' title='bbox 221 2961 368 3062; x_wconf 76' lang='lat' dir='ltr'>-calyae</span> <span class='ocrx_word' id='word_1_163' title='bbox 387 2954 681 3052; x_wconf 72' lang='lat' dir='ltr'>Receptaculum</span> <span class='ocrx_word' id='word_1_164' title='bbox 706 2984 915 3035; x_wconf 82' lang='lat' dir='ltr'>commune</span> <span class='ocrx_word' id='word_1_165' title='bbox 941 2966 1163 3062; x_wconf 84' lang='lat' dir='ltr'>elongatum</span> 
     </span>
     <span class='ocr_line' id='line_1_28' title="bbox 166 3078 1165 3185; baseline 0.002 -26"><span class='ocrx_word' id='word_1_166' title='bbox 166 3086 209 3159; x_wconf 89' lang='lat' dir='ltr'>in</span> <span class='ocrx_word' id='word_1_167' title='bbox 228 3081 393 3182; x_wconf 81' lang='lat' dir='ltr'>Spicum.</span> <span class='ocrx_word' id='word_1_168' title='bbox 433 3078 573 3152; x_wconf 86' lang='lat' dir='ltr'>Gluma</span> <span class='ocrx_word' id='word_1_169' title='bbox 597 3083 843 3185; x_wconf 82' lang='lat' dir='ltr'>tetraphylla,</span> <span class='ocrx_word' id='word_1_170' title='bbox 872 3082 1026 3158; x_wconf 88' lang='lat' dir='ltr'>biflora:</span> <span class='ocrx_word' id='word_1_171' title='bbox 1052 3086 1165 3161; x_wconf 87' lang='lat' dir='ltr'>solio·</span> 
     </span>
     <span class='ocr_line' id='line_1_29' title="bbox 166 3197 1165 3302; baseline 0.003 -23"><span class='ocrx_word' id='word_1_172' title='bbox 166 3204 213 3279; x_wconf 82' lang='lat' dir='ltr'>lis</span> <span class='ocrx_word' id='word_1_173' title='bbox 237 3202 386 3277; x_wconf 90' lang='lat' dir='ltr'>duobus</span> <span class='ocrx_word' id='word_1_174' title='bbox 410 3197 559 3297; x_wconf 81' lang='lat' dir='ltr'>fingulae</span> <span class='ocrx_word' id='word_1_175' title='bbox 577 3200 727 3301; x_wconf 83' lang='lat' dir='ltr'>spiculae</span> <span class='ocrx_word' id='word_1_176' title='bbox 753 3198 946 3302; x_wconf 80' lang='lat' dir='ltr'>subjectis,</span> <span class='ocrx_word' id='word_1_177' title='bbox 974 3203 1165 3282; x_wconf 78' lang='lat' dir='ltr'>subulatis.</span> 
     </span>
     <span class='ocr_line' id='line_1_30' title="bbox 169 3304 1163 3422; baseline 0.003 -22"><span class='ocrx_word' id='word_1_178' title='bbox 169 3324 330 3400; x_wconf 79' lang='lat' dir='ltr'>corolla</span> <span class='ocrx_word' id='word_1_179' title='bbox 352 3322 531 3396; x_wconf 85' lang='lat' dir='ltr'>bivalvis:</span> <span class='ocrx_word' id='word_1_180' title='bbox 570 3325 737 3398; x_wconf 81' lang='lat' dir='ltr'>exterior</span> <span class='ocrx_word' id='word_1_181' title='bbox 763 3304 901 3422; x_wconf 82' lang='lat' dir='ltr'>major,</span> <span class='ocrx_word' id='word_1_182' title='bbox 928 3329 1163 3420; x_wconf 83' lang='lat' dir='ltr'>acuminata,</span> 
     </span>
     <span class='ocr_line' id='line_1_31' title="bbox 169 3445 1165 3546; baseline 0.001 -26"><span class='ocrx_word' id='word_1_183' title='bbox 169 3446 332 3535; x_wconf 62' lang='lat' dir='ltr'>aristam</span> <span class='ocrx_word' id='word_1_184' title='bbox 356 3445 518 3519; x_wconf 85' lang='lat' dir='ltr'>interior</span> <span class='ocrx_word' id='word_1_185' title='bbox 536 3449 665 3542; x_wconf 83' lang='lat' dir='ltr'>plana.¹</span> <span class='ocrx_word' id='word_1_186' title='bbox 685 3445 912 3518; x_wconf 81' lang='lat' dir='ltr'>Nectarium</span> <span class='ocrx_word' id='word_1_187' title='bbox 931 3446 1165 3546; x_wconf 75' lang='lat' dir='ltr'>diphyllume</span> 
     </span>
     <span class='ocr_line' id='line_1_32' title="bbox 169 3566 1167 3661; baseline 0.003 -21"><span class='ocrx_word' id='word_1_188' title='bbox 169 3566 311 3641; x_wconf 83' lang='lat' dir='ltr'>foliolis</span> <span class='ocrx_word' id='word_1_189' title='bbox 335 3567 529 3661; x_wconf 77' lang='lat' dir='ltr'>oblongis,</span> <span class='ocrx_word' id='word_1_190' title='bbox 558 3566 694 3656; x_wconf 87' lang='lat' dir='ltr'>acutis,</span> <span class='ocrx_word' id='word_1_191' title='bbox 724 3567 869 3642; x_wconf 88' lang='lat' dir='ltr'>ciliatis.</span> <span class='ocrx_word' id='word_1_192' title='bbox 926 3569 1060 3642; x_wconf 67' lang='lat' dir='ltr'>Samen</span> <span class='ocrx_word' id='word_1_193' title='bbox 1085 3570 1167 3643; x_wconf 87' lang='lat' dir='ltr'>uni-</span> 
     </span>
     <span class='ocr_line' id='line_1_33' title="bbox 170 3686 1153 3779; baseline 0 -15"><span class='ocrx_word' id='word_1_194' title='bbox 170 3716 277 3779; x_wconf 85' lang='lat' dir='ltr'>cum,</span> <span class='ocrx_word' id='word_1_195' title='bbox 305 3700 469 3777; x_wconf 87' lang='lat' dir='ltr'>tectum,</span> <span class='ocrx_word' id='word_1_196' title='bbox 494 3686 659 3777; x_wconf 86' lang='lat' dir='ltr'>lineare,</span> <span class='ocrx_word' id='word_1_197' title='bbox 687 3689 777 3764; x_wconf 74' lang='lat' dir='ltr'>hiric</span> <span class='ocrx_word' id='word_1_198' title='bbox 804 3714 1034 3765; x_wconf 85' lang='lat' dir='ltr'>convexum.</span> <span class='ocrx_word' id='word_1_199' title='bbox 1150 3711 1153 3716; x_wconf 85' lang='grc'><em>·</em></span> 
     </span>
    </p>
   </div>
   <div class='ocr_carea' id='block_1_9' title="bbox 162 3882 1165 4129">
    <p class='ocr_par' dir='ltr' id='par_1_10' title="bbox 162 3882 1165 4129">
     <span class='ocr_line' id='line_1_34' title="bbox 162 3882 1165 4030; baseline 0.005 -44"><span class='ocrx_word' id='word_1_200' title='bbox 162 3883 288 3991; x_wconf 65' lang='grc' dir='ltr'>Ι186.</span> <span class='ocrx_word' id='word_1_201' title='bbox 318 3882 528 3986; x_wconf 71' lang='lat' dir='ltr'>Etruros</span> <span class='ocrx_word' id='word_1_202' title='bbox 567 3923 843 4030; x_wconf 79' lang='lat' dir='ltr'>europaens</span> <span class='ocrx_word' id='word_1_203' title='bbox 875 3908 976 4007; x_wconf 84' lang='lat' dir='ltr'>spica</span> <span class='ocrx_word' id='word_1_204' title='bbox 1012 3921 1165 4002; x_wconf 81' lang='lat' dir='ltr'>erecta,</span> 
     </span>
     <span class='ocr_line' id='line_1_35' title="bbox 351 4022 1164 4129; baseline 0.01 -34"><span class='ocrx_word' id='word_1_205' title='bbox 351 4022 514 4120; x_wconf 76' lang='lat' dir='ltr'>¹spiculis</span> <span class='ocrx_word' id='word_1_206' title='bbox 535 4023 691 4117; x_wconf 81' lang='lat' dir='ltr'>billoria,</span> <span class='ocrx_word' id='word_1_207' title='bbox 719 4026 926 4107; x_wconf 79' lang='lat' dir='ltr'>involucro</span> <span class='ocrx_word' id='word_1_208' title='bbox 944 4029 1164 4129; x_wconf 66' lang='lat' dir='ltr'>aequalibu&#39;sa</span> 
     </span>
    </p>
   </div>
   <div class='ocr_carea' id='block_1_10' title="bbox 0 0 1225 4576">
    <p class='ocr_par' dir='ltr' id='par_1_11' title="bbox 0 0 1225 4576">
     <span class='ocr_line' id='line_1_36' title="bbox 0 0 1225 4576; baseline 0 0"><span class='ocrx_word' id='word_1_209' title='bbox 0 0 1225 4576; x_wconf 95' lang='lat' dir='ltr'> </span> 
     </span>
    </p>
   </div>
  </div>
 </body>
</html>
