2422 4942
169 248 232 354 xiv
485 277 864 358 PRAEFATIO.

177 466 296 548 dentis
328 470 484 569 proprie
519 467 568 546 sic
605 474 791 551 nomin'ati
828 472 1047 571 indigenas,
1085 496 1170 547 nou

173 618 296 692 solum
330 642 420 712 quas
456 604 566 692 vetui
602 620 804 695 comitatus
828 616 1064 719 Spouhemia
1096 617 1170 691 Ba·

176 764 317 855 dentis,
354 728 406 836 cis
434 776 472 837 et
503 777 602 839 trans
627 768 771 843 Nahum
805 766 962 840 fluvium
991 756 1166 860 disjecta,

174 912 267 1009 quin
296 906 423 983 Rheni
456 925 495 983 et
517 910 687 986 Mosellae
721 910 998 987 confluentium
1023 908 1166 1003 angulo

174 1056 332 1145 inclusa,
359 1054 424 1129 sed
449 1057 564 1149 etiam
588 1057 814 1131 Palatinatus
833 1054 1038 1129 Rhenanus
1055 1054 1166 1128 Sere·

171 1201 305 1281 niffimi
329 1196 518 1277 Electoris
555 1202 689 1276 ditioni
723 1201 914 1293 addictus,
935 1166 992 1275 'et
1024 1199 1167 1274 Princi-

170 1360 280 1449 patus
305 1344 478 1423 Badenfis
504 1347 697 1448 superior,
733 1345 780 1418 ud
812 1346 956 1420 Lacum
989 1344 1168 1418 Bodami·

173 1524 261 1572 cum
285 1490 389 1582 situs,
416 1505 482 1563 aut
500 1442 634 1590 sporfle
652 1492 869 1590 proserunt,
895 1493 1018 1566 autin
1040 1490 1165 1566 vineis

172 1643 347 1741 agrisque
374 1638 517 1709 colunt.
567 1641 751 1712 Praeterea
776 1638 842 1711 suo
872 1664 1042 1739 quasque
1068 1643 1161 1713 loco

172 1792 282 1864 velut
302 1780 453 1876 hospitii
475 1776 562 1881 jure
589 1786 741 1883 recepi,
770 1810 860 1882 quas
887 1760 986 1860 sorte
1014 1785 1054 1858 in
1079 1784 1161 1879 eliis

171 1918 403 2028 regionibus,
432 1923 567 2027 quibus
579 1926 701 2007 Patrio
722 1942 788 2005 aut
810 1922 1080 2005 intercluditur
1097 1940 1165 2006 out

169 2077 345 2178 proxime
366 2076 547 2173 tangitur,
574 2074 788 2151 memoratu
806 2074 934 2173 dignas
953 2074 1166 2155 observatu

266 2361 403 2468 Neque
427 2383 523 2444 vero
550 2354 596 2442 ab
621 2358 787 2442 instituto
815 2362 973 2447 omuino
996 2374 1163 2451 alienam·
1185 2338 1199 2397 Ἰ

169 2528 235 2591 tut
269 2518 456 2591 botanicoe
490 2515 576 2588 artis
612 2514 822 2589 cultoribus
859 2516 1042 2614 ingratum
1076 2547 1160 2597 rem

169 2662 324 2761 aggredi
347 2662 440 2735 mihi
465 2660 638 2749 videbar,
666 2656 689 2731 fi
717 2660 856 2757 urago
877 2665 1074 2741 herveum
1094 2640 1161 2741 os-
1186 2756 1189 2761 ¹

168 2804 310 2885 sileeusi
349 2809 389 2882 in
421 2819 544 2882 totum
581 2820 689 2882 terrae
723 2815 885 2911 tractum
915 2812 1006 2884 hinc
1043 2785 1160 2911 Sylva

168 2944 275 3050 nigro
305 2934 399 3025 inde
433 2946 589 3050 Vogeso
620 2954 727 3027 Saltu
758 2916 904 3051 septum
936 2980 999 3031 me
1028 2949 1161 3036 diffun·
1199 2996 1201 3003 ·

174 3097 323 3186 dorem,
364 3099 540 3195 adeoque
572 3112 611 3174 et
635 3098 796 3197 Alsacioe
830 3095 1032 3196 superioris
1065 3106 1160 3185 infe·
1196 3126 1201 3163 2

165 3230 354 3342 riorisque
382 3240 537 3343 plantas,
566 3266 657 3339 quas
682 3242 760 3340 post
781 3235 1003 3319 Murrum
1027 3269 1159 3345 nemo,⁸
1196 3300 1201 3313 .

167 3414 211 3463 ac
230 3412 280 3464 ne
305 3390 369 3463 hic
394 3392 549 3486 quidem
570 3393 776 3464 commode
797 3390 1003 3483 recensuit,
1020 3358 1161 3473 nostru-⁴
1195 3416 1201 3468 ξ

166 3532 264 3609 tibus
279 3534 346 3608 suo
361 3539 453 3610 loco
470 3535 778 3611 intermiscerem.
803 3537 898 3612 Nam
910 3538 946 3612 b.
961 3510 1165 3619 Murru'e

168 3678 301 3753 ordine
333 3681 576 3777 alphabetico
603 3681 709 3770 usus,
748 3679 918 3756 scholam
946 3701 985 3760 et
1019 3708 1161 3786 praece.
1195 3720 1201 3769 Ι

76 3902 81 3911 ,
165 3837 229 3924 pta
246 3824 567 3899 Tournesortiana
591 3822 793 3929 professus,
810 3848 929 3928 opere
951 3828 1030 3933 jam
1055 3866 1158 3914 anno
1196 3870 1201 3913 ;

170 3990 270 4064 ¹74²·
300 3962 439 4062 edito,¹
452 3997 540 4044 cum
561 3972 831 4060 multae,adhuc
850 3980 988 4076 plantae
1006 3981 1045 4057 iu
1062 3980 1164 4081 agric
