2422 4942
176 354 215 420 14
354 329 616 399 ornamur
645 293 981 404 norinorum

157 500 246 578 'Ga
259 486 306 578 1⁴1.
330 503 379 577 Li
394 530 441 577 ac
459 491 646 580 commun.
1135 566 1139 572 .

172 624 218 700 H
223 610 289 700 a'b.
311 626 500 726 Utrinque
519 624 649 727 passim
666 626 713 699 ad
731 623 837 725 sepes
854 624 1041 726 'pagorum
1059 636 1098 701 et
1113 654 1182 702 ur«

175 723 180 729 ’
245 723 352 800 bium
375 722 474 823 quaii
497 726 714 824 spontanea.
1071 752 1077 758 ·
1162 726 1170 757 ''

170 841 208 916 F
214 845 266 1016 ἰῖ)
268 873 300 1015 :l
328 847 461 1035 {puli
484 843 601 948 Majo.
649 844 801 919 Semina
827 845 1174 975 matura'Septem·

243 1000 378 1138 Flores
398 1063 592 1140 racemosa.
624 1064 787 1137 Corolloe
813 1056 1032 1159 quadrifidae
1055 1088 1178 1159 quan«

172 1157 302 1270 doque
333 1161 605 1263 quinquefidae‚
641 1186 688 1238 ex
716 1160 868 1235 tubello
892 1160 1079 1250 caeruleae,
1105 1171 1173 1273 aut

167 1278 299 1330 niveae.

61 1415 71 1433 ’
171 1420 289 1490 Nota.
331 1424 367 1488 in
385 1425 516 1489 arbustis
537 1433 572 1488 et
591 1425 698 1489 hortis
718 1424 742 1489 C
751 1422 1013 1488 arlsruhania
1035 1392 1170 1508 altisque

250 1506 353 1571 adhuc
372 1510 589 1592 hospitantur:
1075 1559 1078 1565 ,

211 1617 251 1699 1)
275 1612 413 1700 Syringa
434 1615 598 1701 persica
620 1612 708 1677 foliis
724 1612 912 1676 lanceolatis
935 1611 1046 1680 Lino.
1098 1640 1101 1644 ·

208 1722 251 1801 2)
272 1719 365 1787 Svrin
393 1723 631 1786 alaciniata
668 1719 755 1783 foliis
790 1721 945 1783 laciniatis
979 1720 1168 1802 integrisve.

290 1744 392 1870 Mili.
419 1807 555 1872 dictt.
586 1807 654 1884 164.
687 1826 781 1887 quarn
810 1803 1016 1865 Linnaeus
1052 1802 1168 1886 aliique

290 1910 351 1974 pro
370 1890 521 1951 varietate
555 1888 765 1970 praecedentis
789 1888 903 1971 speciei
928 1886 1064 1950 habent.
1096 1905 1167 1968 quae

290 1984 398 2117 auterfn
432 1973 534 2054 magis
556 1971 690 2034 delicata
711 1970 773 2047 est,
803 1983 836 2033 et
858 1972 994 2054 hyemes
1004 1968 1167 2033 fortiores

287 2076 354 2118 non
384 2064 443 2120 ert.
985 2091 989 2097 -

202 2156 379 2308 Junuiimm
407 2159 651 2238 officinale,
680 2159 893 2225 fruticans
927 2172 961 2224 et
994 2158 1169 2227 humile.

314 2265 393 2309 orro

165 2336 168 2341 ¹
205 2352 427 2416 Chionanthos
454 2353 654 2432 virginica
680 2353 804 2415 corolla
821 2350 1008 2435 quadrifida:
1040 2350 1163 2413 laciniis

205 2438 208 2443 '
285 2433 489 2582 {iosnfflbffirgnin
520 2435 709 2520 pedunculis
732 2435 847 2500 trifidis
875 2434 1028 2548 triflorie,
1055 2432 1163 2500 corol-

159 2655 345 2729 Phorm.
377 2654 642 2753 Saarnoas
666 2654 828 2726 LrnAc
858 2653 1023 2728 Semina.

386 2769 514 2852 (Hodie
536 2775 568 2837 in
590 2775 745 2836 medicina
767 2773 929 2850 exoleta.)

223 2904 332 2968 Arbor
347 2914 401 2967 aut
416 2904 522 2968 frutex
541 2905 679 2990 persicae
695 2907 848 2988 originis,
866 2904 909 2967 ob
929 2915 1040 2984 gratos
1057 2904 1160 2970 florea

158 2989 331 3052 hortorum
353 3000 588 3053 ornamentum.
636 2988 807 3067 Lignum
832 3008 871 3048 ex
893 2988 1162 3055 auido-luteum

157 3072 209 3134 vel
232 3071 580 3151 rubro-variegatum,
602 3070 756 3134 vetustius
778 3071 952 3143 rubellum,
975 3070 1160 3148 subdurum,

156 3154 377 3218 tornatoribus
395 3165 428 3215 et
449 3152 545 3217 fabris
565 3155 708 3237 lignariis
732 3166 907 3238 acceptum.
938 3152 1087 3216 Flores
1104 3155 1159 3217 ἐκέ
1205 3164 1207 3169 ’

153 3234 268 3379 iubent
294 3234 403 3302 oleum
427 3237 631 3313 aethereum,
662 3239 739 3301 oleo
760 3257 800 3298 ex
824 3237 902 3300 rosis
927 3250 1056 3321 parato,
1084 3259 1159 3305 ana·
1205 3254 1207 3267 ·

154 3340 279 3404 ¹ogum.
402 3334 410 3348 ‘

155 3448 246 3515 obs.
264 3450 421 3516 Cortex
441 3452 483 3516 ob
501 3454 693 3536 peculiarem
709 3454 913 3517 acrimoniam
930 3454 1063 3516 omnino
1080 3475 1159 3538 pro·
1205 3502 1207 3515 .

238 3536 337 3609 mittit
361 3537 445 3597 vires
473 3538 663 3606 medicatas,
701 3535 943 3599 mundificantes
981 3538 1160 3620 praesertim
1205 3574 1207 3581 <

235 3617 268 3679 in
284 3618 405 3764 rrlioritiis
420 3618 581 3683 chronicis
596 3616 868 3695 exanthematicis,
887 3620 1000 3697 scabie,
1023 3632 1159 3687 externe
1205 3612 1207 3627 '

228 3719 358 3784 ,rpprca
374 3722 422 3765 us.

193 3803 355 3873 Semina
374 3805 588 3893 adstringendi
606 3809 705 3893 scopo
721 3798 1034 3877 commendabantur.
