2422 4576
308 302 624 388 ,talantum
649 304 891 389 DIGYNIA.
1045 307 1106 397 161

116 475 236 550 Gall.
271 475 372 549 Foin
388 500 574 574 praecoce.
617 517 620 525 ·

111 622 219 695 Hah.
255 623 303 694 ln
330 621 477 720 pascuis
506 618 670 695 arenolis
697 619 884 696 sterilibus
911 619 1104 698 ericetolis

172 722 280 794 inter
296 720 508 793 carlsruhe
523 731 563 792 et
580 715 861 813 Muclensturm
872 745 1000 816 prnpe
1019 723 1105 795 dem

170 815 396 914 Hordtquf
410 843 498 889 cum
521 813 743 912 Ornithopo
758 810 970 924 perprfillo
989 818 1106 890 abun-

172 916 245 1004 de,
269 938 348 986 nec
370 911 461 986 alibi
485 913 687 1009 hucusque
724 910 764 983 in
786 922 910 1006 patrio
946 910 1029 1007 solo
1051 915 1107 988 vi·

173 1009 228 1084 di.
270 1012 316 1082 ln
330 1008 544 1082 Palatinam
566 1006 606 1080 in
627 1008 726 1082 arvis
743 1018 783 1082 et
808 1006 955 1102 pascuis
971 1033 1106 1083 areno-

82 1136 88 1165 ·
174 1104 225 1183 lis
242 1104 527 1180 circalontern
544 1104 710 1203 ubique;
728 1102 1106 1181 interlleiclrenbaclr
1138 1134 1144 1152 ·

171 1218 217 1278 et
243 1200 309 1276 W
304 1202 496 1274 eilerbach
525 1199 564 1272 in
583 1198 666 1276 solo
689 1199 803 1276 sterili
829 1200 990 1274 arenoso
1016 1230 1105 1276 cum

172 1301 274 1375 Aira
294 1297 571 1400 eoryoplryllea
591 1299 762 1388 abunde,
790 1297 883 1371 teste
901 1295 1104 1380 Pollichio.

102 1453 139 1528 F
140 1455 157 1526 l
163 1480 189 1526 o
198 1481 233 1526 r.
268 1447 396 1552 Majo,
415 1449 544 1526 lunio.
580 1450 733 1525 Semina
755 1449 860 1526 Julio
878 1460 916 1527 et
930 1448 1102 1545 Augusto

175 1562 356 1623 maturat
368 1558 411 1641 Θ

202 1703 336 1776 Radix
360 1699 510 1774 fibrosa.
558 1699 684 1773 Culmi
700 1726 720 1774 a
736 1701 784 1774 -3
798 1720 848 1788 -4
864 1699 1041 1773 unciales
1066 1711 1107 1799 et

105 1803 283 1889 altiores,
308 1802 455 1897 plures,
491 1799 629 1887 erecti,
655 1802 815 1884 teretes,
843 1798 985 1871 laeves.
1035 1796 1109 1869 Fo-
1195 1800 1208 1827 ⁴

105 1902 156 1972 lin
175 1897 358 1972 radicalia
378 1894 613 1983 sublinearia,
636 1896 864 1974 convoluta,
892 1893 1106 1983 emarcida,

106 1998 257 2069 culmea
287 1992 561 2077 erectiuscula,
597 1991 792 2075 breviora,
829 1988 1104 2079 obtufiuscula,

106 2094 217 2191 apice
236 2091 478 2181 subrecnrva
527 2085 669 2193 Ligula
693 2086 997 2186 amplexicaulis,
1025 2089 1109 2170 lon-

106 2218 167 2286 ga,
195 2189 303 2274 alba,
334 2185 375 2261 in
388 2180 603 2285 junioribus
623 2205 768 2280 magna.
824 2180 861 2252 V
858 2183 986 2294 agina
1011 2183 1109 2256 stria·

106 2303 186 2369 tae,
212 2285 387 2380 glabrae,
421 2280 734 2356 subventricosae.
783 2280 972 2361 Peniculo
999 2279 1109 2361 senii.

107 2382 291 2468 uncialis,
327 2380 559 2476 quandoque
581 2376 662 2451 lere
685 2377 864 2466 uncialis,
894 2389 1105 2466 coarctata,

108 2476 357 2577 spicii'ormis‚
378 2502 432 2549 ex
449 2473 561 2546 viridi
593 2473 761 2561 cinerea,
791 2475 929 2548 mollis.
978 2474 1108 2570 Spicw

108 2578 150 2650 loe
171 2571 521 2673 parvae,biflorae,
547 2570 764 2646 biariliatae.
816 2569 1006 2671 Calyeinae
1032 2571 1109 2651 val-

106 2678 222 2750 rulae
242 2669 502 2764 subaequales,
529 2681 671 2740 ovato·
685 2680 831 2752 acutae,
855 2667 1109 2751 submernbra-

106 2792 273 2849 naccae,
312 2763 425 2838 dorso
456 2763 610 2840 carinali
638 2763 926 2840 scabriusculae.
978 2763 1110 2841 corot-

103 2867 151 2938 lae
171 2865 353 2937 valvulae
383 2859 650 2954 subaequales,
680 2861 921 2956 longitudine
947 2859 1110 2959 ealycis:

108 2961 282 3037 exterior
302 2953 425 3057 major
448 2958 703 3057 bicuspidata,
728 2954 897 3053 Arssam
917 2957 1012 3033 infra
1030 2981 1110 3035 rne-

109 3061 215 3133 dium
243 3055 418 3132 exserens
448 3053 673 3146 subrectam,
710 3058 857 3135 corolla
885 3055 1007 3149 duplo
1027 3056 1111 3131 lon·

108 3157 272 3251 giorem.
323 3152 508 3224 Antheroe
524 3177 665 3252 parvae
687 3152 828 3250 pallide
844 3153 975 3231 flavae.

145 3320 271 3388 Nota.
301 3280 437 3402 Semper
461 3319 563 3382 solum
578 3317 682 3381 sterile
699 3314 877 3381 fabulosum
895 3280 1034 3401 indicit,
1052 3317 1112 3381 mi·
1133 3383 1138 3394 ,

233 3404 323 3464 nime
345 3401 668 3465 confundendacurn
691 3401 892 3482 praecedente
914 3402 1039 3490 specie5
1070 3400 1112 3465 ad

235 3487 379 3548 rariores
397 3486 508 3568 patriae
527 3487 614 3547 cives
632 3485 806 3567 pertinens.
979 3496 981 3501 '

190 3590 336 3655 Gramen
359 3590 430 3675 post
447 3588 575 3672 Agrost.
598 3593 801 3655 minimam
830 3589 973 3653 omnium
987 3586 1112 3653 nostra·

106 3678 187 3741 tium
204 3675 388 3750 minimum,
414 3674 528 3739 oribus
543 3687 732 3760 acceptant
753 3692 881 3738 arenam
895 3671 979 3756 figit,

109 3887 230 3998 116.
251 3885 392 3991 Arna
411 3879 796 4038 caryoplryllea
815 3901 915 3978 soliis
938 3903 1113 3990 setaeeis,

311 4024 491 4127 panicula
512 4025 736 4116 divaricata,
773 4019 929 4104 floribus
959 4018 1112 4103 arillatis
